@misc{introcas, 
    Author       = {K. Kalorkoti},
    Title        =	{{Introduction to Computer Algebra}},
    Organization = {University of Edinburgh},
    Howpublished = {\url{https://www.inf.ed.ac.uk/teaching/courses/ca/notes01.pdf}},
    Year         = 2019,
    Month        =	jan
}

@manual{sage,
    Key          = {Sage},
    Author       = {W.\thinspace{}A. Stein and others},
    Organization = {The Sage Development Team},
    Title        = {{S}age {M}athematics {S}oftware ({V}ersion x.y.z)},
    note         = {{\tt http://www.sagemath.org}},
    Year         = {2022}
}

@misc{gpl,
    Key          = {GPLv3},
    Title        = {GNU General Public License, version 3},
    Howpublished = {\url{http://www.gnu.org/licenses/gpl.html}},
    Note         = {Last retrieved 2020-01-01},
    Year         = {2007},
    Month        = {June}
}